@article{canalesArana2012,
   title = {{Estimaci\'on de la biomasa de langostino amarillo (Cervimunida johni), aplicando Modelo Lineal Generalizado a registros de captura por \'area barrida en la zona central de Chile}},
   journal = {{Latin american journal of aquatic research}},
   author={Canales, Cristian and Arana, Patricio},
   volume = {40},
   year = {2012},
   ISSN = {0718-560X},
   language = {es},
   URL = {http://www.scielo.cl/scielo.php?script=sci_arttext&pid=S0718-560X2012000200007&nrm=iso},
   month = {06},
   pages = {316 - 334},
   publisher = {scielocl},
   }
   
@article{aires2015improved,
  title={Improved growth estimates from integrated analysis of direct aging and tag--recapture data: an illustration with bigeye tuna (Thunnus obesus) of the eastern Pacific Ocean with implications for management},
  author={Aires-da-Silva, Alexandre M and Maunder, Mark N and Schaefer, Kurt M and Fuller, Daniel W},
  journal={Fisheries Research},
  volume={163},
  pages={119--126},
  year={2015},
  publisher={Elsevier}
}

@TechReport{bucarey2015,
	author = {Bucarey, Doris},
	title = {Investigaci\'on del status y posibilidades de explotaci\'on biol\'ogicamente sustentables en Langostino Amarillo, a\~no 2015},
	institution = {Subsecretaria de Pesca - Instituto de Fomento Pesquero},
	year = {2015},
	number = {Informe Consolidado},
	type = {Convenio II: Estatus y posibilidades de explotaci\'on biol\'ogicamente sustentables de los principales recursos pesqueros nacinales, 2014.},
	note = {{A}ccessed January 2016},
	url = {http://biblioteca.ifop.cl/exlibris/aleph/a20_1/apache_media/MDSATYJQ71JTT2MXLI77JNUYAAFC8U.pdf},
	pages = {61}
}
